%% kad cituoti rasyti: ~\cite{benet2014ipfs}
@book{fleishman2009take,
  title={Take Control of Sharing Files in Snow Leopard},
  author={Fleishman, Glenn},
  year={2009},
  publisher={Take Control Books}
}
  
@article{licklider1968memoriam,
  title={In {Memoriam}: {JCR.} {Licklider}},
  author={Licklider, J.C.R.},
  journal={Technology},
  year={1968}
}
  
  %https://pdfs.semanticscholar.org/aca4/d9d9fac9f3bc1fc70e7397568f40e8e02599.pdf
  
@mastersthesis{eriksen2005comparison,
  title={Comparison of {OpenAFS}, {NFS} and {Samba}},
  author={Eriksen, Claudia},
  year={2005}
}

@article{ponnavaikko2009edge,
  title={The {Edge} {Node} {File} {System}: A {distributed} {file} {system} for high performance computing},
  author={Ponnavaikko, Kovendhan and Janakiram, D.},
  journal={Scalable Computing: Practice and Experience},
  volume={10},
  number={1},
  year={2009}
}
  

@article{levy1990distributed,
  title={Distributed file systems: Concepts and examples},
  author={Levy, Eliezer and Silberschatz, Abraham},
  journal={ACM Computing Surveys (CSUR)},
  volume={22},
  number={4},
  pages={321--374},
  year={1990},
  publisher={ACM}
}
 
  %http://crystal.uta.edu/~kumar/cse6306/papers/mantena.pdf
  
@article{mantena6306transparency,
  title={Transparency in Distributed Systems},
  author={Mantena, Sudheer R.},
  journal={CSE},
  volume={6306},
  pages={13},
  publisher={Citeseer}
}

@article{vini2015novel,
  title={A Novel Approach for Replica Synchronization in Hadoop Distributed File Systems},
  author={Vini, Miss J and Nallathamby, Rachel and Robin, CR Rene},
  journal={Procedia Computer Science},
  volume={50},
  pages={590--591},
  year={2015},
  publisher={Elsevier}
}

@article{depardon2013analysis,
  title={Analysis of six distributed file systems},
  author={Depardon, Benjamin and Le Mahec, Ga{\"e}l and S{\'e}guin, Cyril},
  year={2013}
}

@book{tanenbaum2007distributed,
  title={Distributed {Systems}: principles and paradigms},
  author={Tanenbaum, Andrew S. and Van Steen, Maarten},
  year={2007},
  publisher={Prentice-Hall}
}

@online{PVipfs,
  author = {Peter Vowell},
  title = {{What is the InterPlanetary File System?}},
  year = 2016,
  url = {https://www.maxcdn.com/one/visual-glossary/interplanetary-file-system/},
  urldate = {2016-06-15}
}

@article{benet2014ipfs,
  title={{IPFS-content addressed, versioned, P2P file system}},
  author={Benet, Juan},
  journal={arXiv preprint arXiv:1407.3561},
  year={2014}
}

@online{JuanBenetInfo,
  author = {Juan Benet},
  title = {{PROTOCOL LABS: CREATING NEW NETWORKS}},
  year = 2017,
  url = {https://protocol.ai/blog/protocol-labs-creating-new-networks/},
  urldate = {2017-05-18}
}

@online{HTTP,
  author = {Tim Berners-Lee},
  title = {{HTTP Addressing}},
  year = ,
  url = {http://info.cern.ch/hypertext/WWW/Addressing/HTTPAddressing.html},
  urldate = {}
}


@online{multiformats,
  author = {Protocol Labs Inc.},
  title = {{Multiformats}},
  year = 2016,
  url = {https://github.com/multiformats/multiformats},
  urldate = {}
}

@online{multihash,
  author = {Protocol Labs Inc.},
  title = {{Multihash}},
  year = 2016,
  url = {https://github.com/multiformats/multihash},
  urldate = {}
}

@online{multiaddr,
  author = {Protocol Labs Inc.},
  title = {{Multiaddr}},
  year = 2016,
  url = {https://github.com/multiformats/multiaddr},
  urldate = {}
}

@online{ipfsinitdaemon,
  author = {Protocol Labs Inc.},
  title = {{Multiaddr}},
  year = 2016,
  url = {https://docs.ipfs.io/introduction/usage/},
  urldate = {}
}

@online{identity,
  author = {Matt Zumwalt},
  title = {{How Does Node Identity Work?}},
  year = 2017,
  url = {https://discuss.ipfs.io/t/how-does-node-identity-work/317},
  urldate = {2017.03.16}
}

@online{libp2p,
  author = {Mark Pors},
  title = {{Understanding the IPFS White Paper part 2}},
  year = 2017,
  url = {https://decentralized.blog/understanding-the-ipfs-white-paper-part-2.html},
  urldate = {2017.10.21}
}